
@article{macqueen_methods_nodate,
	title = {{SOME} {METHODS} {FOR} {CLASSIFICATION} {AND} {ANALYSIS} {OF} {MULTIVARIATE} {OBSERVATIONS}},
	language = {en},
	journal = {MULTIVARIATE OBSERVATIONS},
	author = {MACQUEEN, J},
	pages = {17},
	file = {MACQUEEN - SOME METHODS FOR CLASSIFICATION AND ANALYSIS OF MU.pdf:E\:\\Henry D Saenz L\\Documents\\Repositorios\\ProyectoFinalHCII\\MACQUEEN - SOME METHODS FOR CLASSIFICATION AND ANALYSIS OF MU.pdf:application/pdf}
}